% Encoding: UTF-8

@Online{ELandau,
  author =       {Elizabeth Landau},
  date =         {2015-10-01},
  editor =       {Tony Greicius},
  organization = {Jet Propulsion Laboratory, Pasadena, Calif.},
  title =        {'Hedgehog' Robots Hop, Tumble in Microgravity},
  url =          {http://www.nasa.gov/feature/jpl/hedgehog-robots-hop-tumble-in-microgravity},
  urldate =      {2016-04-25}
}

@Book{GGu,
  title =     {Discrete-Time Linear Systems},
  publisher = {Springer US},
  year =      {2012},
  author =    {Guoxiang Gu},
  edition =   {1},
  isbn =      {978-1-4614-2281-5},
  subtitle =  {Theory and Design with Applications}
}

@Online{HKing,
  date =  {2016-10-31},
  note =  {On CD: ecsData.pdf},
  title = {Turnigy Multistar 30 Amp Multi-rotor Brushless ESC 2-4S (US Warehouse)},
  url =   {https://www.hobbyking.com/en_us/turnigy-multistar-30-amp-multi-rotor-brushless-esc-2-4s.html}
}

@Article{ling,
  author =       {Ling Huang, Cheng-Chew Lim, Ji Liu},
  title =        {Time delay compensation for positive nonlinear networked control systems with bounded controls},
  year =         {2016},
  journaltitle = {IEEE International Conference on Fuzzy Systems (FUZZ)}
}

@Article{nirupam,
  author =       {Nirupam Gupta, Nikhil Chopra},
  title =        {Atabiity analysis of a two-channel feedback networked control system},
  year =         {2016},
  journaltitle = {Indian Control Conference (ICC)}
}

@Misc{Potentiometer,
  author =    {Bourns},
  title =     {6537/6538 - 22mm Precision Potentiometer},
  year =      {2014},
  publisher = {Texas Instruments},
  url =       {http://www.bourns.com/2/pdfs/6537.pdf}
}

@Article{RAllen,
  author =       {Ross Allen and Marco Pavone and Christopher McQuin and Issa A. D. Nesnas and Julie C. Castillo-Rogez and Tam-Nguyen Nguyen and Jeffrey A. Hoffman},
  title =        {Internally-Actuated Rovers for All-Access Surface Mobility: Theory and Experimentation},
  note =         {Department of Aeronautics and Astronautics, Stanford University, Stanford},
  date =         {2013-05-06},
  journaltitle = {International Conference on Robotics and Automation (ICRA)},
  url =          {https://web.stanford.edu/~pavone/papers/Allen.Pavone.ea.ICRA13.pdf},
  urldate =      {2016-04-25}
}

@Manual{Senstools,
  title =        {Experimental Modelling of Dynamic Systems},
  author =       {Morten Knudsen},
  organization = {Department of Control Engineering, Aalborg University},
  year =         {2004},
  note =         {Documentation and software are on the attached DVD}
}

@InBook{ssReference,
  author    = {Gene F. Franklin, J. David Powell, Abbas Emami-Naeini},
  title     = {Feedback Control of Dynamic Systems},
  year      = {2015},
  edition   = {7th Edition},
  publisher = {Pearson},
  chapter   = {7},
  pages     = {453-585}
}
@mastersthesis{SVJohansen,
	author = {Simon Vestergaard Johansen and Anna Zeeb},
	title = {AAU$^3$},
	school = {Aalborg University},
	year = {2014},
	url = {http://projekter.aau.dk/projekter/da/studentthesis/aau3(8d192136-08b3-4c34-8378-1cbc465dd3f9).html}
}

@InBook{tustin,
  chapter   = {8},
  pages     = {614-633},
  title     = {Feedback Control of Dynamic Systems},
  publisher = {Pearson},
  year      = {2015},
  author    = {Gene F. Franklin, J. David Powell, Abbas Emami-Naeini},
  edition   = {7th Edition}
}

@Article{TYoshimitsu,
  author =       {Tetsuo Yoshimitsu and Takashi Kubota and Ichiro Nakatani},
  title =        {MINERVA Rover Which Became a Small Artificial Solar Satellite},
  date =         {2006-08-17},
  journaltitle = {journaltitle},
  url =          {digitalcommons.usu.edu/cgi/viewcontent.cgi?article=1554&context=smallsat},
  urldate =      {2016-04-25}
}

