% Encoding: UTF-8

@Article{TrueTimeNew,
  author  = {A. Cervin et al., D. Henriksson},
  title   = {How Does Control Timing Affect Performance? Analysis and Simulation of Timing Using Jitterbug and TrueTime},
  journal = {IEEE Control Systems Magazine},
  year    = {2003},
}

@Book{FeedbackControl,
  title     = {Feedback Control of Dynamic Systems},
  publisher = {Pearson},
  year      = {2015},
  author    = {Gene F. Franklin, J. David Powell, Abbas Emami-Naeini},
  edition   = {7th Edition},
}

@Comment{jabref-meta: databaseType:bibtex;}
