% Encoding: UTF-8

@Article{draganflyer,
  author =  {Philip McKerrow},
  title =   {Modelling the Draganflyer four-rotor helicopter},
  journal = {Proceedings of the 2004 IEEE International Conference on Robotics and Automation},
  year =    {2004},
  pages =   {6},
  month =   {April}
}

